<record><leader>00000cas a2200000 a 4500</leader><controlfield tag="001">30447228</controlfield><controlfield tag="008">940517d192519uuiluwr ne      0   a0eng c</controlfield><datafield ind1=" " ind2=" " tag="010"><subfield code="a">sn 94054265 </subfield></datafield><datafield ind1=" " ind2=" " tag="040"><subfield code="a">NVF</subfield><subfield code="b">eng</subfield><subfield code="c">NVF</subfield><subfield code="d">CVF</subfield><subfield code="d">NVF</subfield><subfield code="d">OCLCF</subfield><subfield code="d">NVF</subfield><subfield code="d">OCLCO</subfield><subfield code="d">OCL</subfield></datafield><datafield ind1="1" ind2=" " tag="029"><subfield code="a">AU@</subfield><subfield code="b">000022275193</subfield></datafield><datafield ind1=" " ind2=" " tag="042"><subfield code="a">pcc</subfield></datafield><datafield ind1=" " ind2=" " tag="043"><subfield code="a">n-us-il</subfield></datafield><datafield ind1="0" ind2="4" tag="245"><subfield code="a">The junior Evanston index.</subfield></datafield><datafield ind1=" " ind2=" " tag="260"><subfield code="a">Evanston, Ill. :</subfield><subfield code="b">Boards of Education of School Districts 75 and 76</subfield></datafield><datafield ind1=" " ind2=" " tag="300"><subfield code="a">v.</subfield></datafield><datafield ind1=" " ind2=" " tag="310"><subfield code="a">Weekly</subfield></datafield><datafield ind1="1" ind2=" " tag="362"><subfield code="a">Began in 1925.</subfield></datafield><datafield ind1=" " ind2=" " tag="500"><subfield code="a">"In 1950, school districts 75 and 76 were consolidated and became district 65." Cf. http://www.evanstonroundtable.com/ftp/ERTmagazine.1313.pdf</subfield></datafield><datafield ind1=" " ind2=" " tag="588"><subfield code="a">Description based on: Vol. 1, no. 6 (Nov. 16, 1925).</subfield></datafield><datafield ind1=" " ind2=" " tag="588"><subfield code="a">Latest issue consulted: Vol. 1, no. 6 (Nov. 16, 1925).</subfield></datafield><datafield ind1="2" ind2="0" tag="610"><subfield code="a">Evanston School District 65</subfield><subfield code="v">Newspapers.</subfield></datafield><datafield ind1=" " ind2="0" tag="650"><subfield code="a">Elementary school administration</subfield><subfield code="z">Illinois</subfield><subfield code="z">Evanston</subfield><subfield code="v">Newspapers.</subfield></datafield><datafield ind1=" " ind2="0" tag="650"><subfield code="a">Middle schools</subfield><subfield code="z">Illinois</subfield><subfield code="z">Evanston</subfield><subfield code="x">Administration</subfield><subfield code="v">Newspapers.</subfield></datafield><datafield ind1=" " ind2="0" tag="650"><subfield code="a">Junior high schools</subfield><subfield code="z">Illinois</subfield><subfield code="z">Evanston</subfield><subfield code="x">Administration</subfield><subfield code="v">Newspapers.</subfield></datafield><datafield ind1=" " ind2="0" tag="650"><subfield code="a">School board members</subfield><subfield code="z">Illinois</subfield><subfield code="z">Evanston</subfield><subfield code="v">Newspapers.</subfield></datafield><datafield ind1=" " ind2="0" tag="650"><subfield code="a">School administrators</subfield><subfield code="z">Illinois</subfield><subfield code="z">Evanston</subfield><subfield code="v">Newspapers.</subfield></datafield><datafield ind1=" " ind2="0" tag="651"><subfield code="a">Evanston (Ill.)</subfield><subfield code="v">Newspapers.</subfield></datafield><datafield ind1=" " ind2="7" tag="655"><subfield code="a">Newspapers.</subfield><subfield code="2">fast</subfield><subfield code="0">(OCoLC)fst01423814</subfield></datafield><datafield ind1="2" ind2="7" tag="610"><subfield code="a">Evanston School District 65.</subfield><subfield code="2">fast</subfield><subfield code="0">(OCoLC)fst01559141</subfield></datafield><datafield ind1=" " ind2="7" tag="650"><subfield code="a">Elementary school administration.</subfield><subfield code="2">fast</subfield><subfield code="0">(OCoLC)fst00907880</subfield></datafield><datafield ind1=" " ind2="7" tag="650"><subfield code="a">Junior high schools</subfield><subfield code="x">Administration.</subfield><subfield code="2">fast</subfield><subfield code="0">(OCoLC)fst00984960</subfield></datafield><datafield ind1=" " ind2="7" tag="650"><subfield code="a">Middle schools</subfield><subfield code="x">Administration.</subfield><subfield code="2">fast</subfield><subfield code="0">(OCoLC)fst01020555</subfield></datafield><datafield ind1=" " ind2="7" tag="650"><subfield code="a">School administrators.</subfield><subfield code="2">fast</subfield><subfield code="0">(OCoLC)fst01106935</subfield></datafield><datafield ind1=" " ind2="7" tag="650"><subfield code="a">School board members.</subfield><subfield code="2">fast</subfield><subfield code="0">(OCoLC)fst01106995</subfield></datafield><datafield ind1=" " ind2="7" tag="651"><subfield code="a">Illinois</subfield><subfield code="z">Evanston.</subfield><subfield code="2">fast</subfield><subfield code="0">(OCoLC)fst01204903</subfield></datafield><datafield ind1="1" ind2=" " tag="710"><subfield code="a">Evanston (Ill.).</subfield><subfield code="b">Board of Education.</subfield><subfield code="k">Newspapers.</subfield><subfield code="u">School Districts 75 and 76.</subfield></datafield><datafield ind1="1" ind2=" " tag="710"><subfield code="a">Evanston (Ill.).</subfield><subfield code="b">Board of Education.</subfield><subfield code="k">Newspapers.</subfield><subfield code="u">School District 65.</subfield></datafield><datafield ind1=" " ind2=" " tag="752"><subfield code="a">United States</subfield><subfield code="b">Illinois</subfield><subfield code="c">Cook</subfield><subfield code="d">Evanston.</subfield></datafield><datafield ind1="0" ind2=" " tag="775"><subfield code="t">Evanston news-index</subfield><subfield code="w">(DLC)sn 93057113</subfield><subfield code="w">(OCoLC)28641952</subfield></datafield></record>